@book{
	Solr-nelli09.2670000000592786,
	title = {Mastering Gephi network visualization : produce advanced network graphs in Gephi and gain valuable insights into your network datasets},
	author = {Cherven, Ken},
	publisher = {Packt Publishing},
	year = {2015},
	url = {https://sfx.finna.fi/nelli09?url_ver=Z39.88-2004&ctx_ver=Z39.88-2004&ctx_enc=info:ofi/enc:UTF-8&rfr_id=info:sid/sfxit.com:opac_856&url_ctx_fmt=info:ofi/fmt:kev:mtx:ctx&sfx.ignore_date_threshold=1&rft.object_id=2670000000592786&svc_val_fmt=info:ofi/fmt:kev:mtx:sch_svc&}
}

@article{
	verkostanalyysisome,
	title = {Verkostoanalyysi sosiaalisen median tutkimuksessa},
	journal = {Otteita verkosta : verkon ja sosiaalisen median tutkimusmenetelmät},
	author = {Huhtamäki, Jukka and Parviainen, Olli}, 
	year = {2013},
	url = {https://jyu.finna.fi/Record/jykdok.1967209}
}

@online{hnr,
	author = {HistoricalNetworkResearch},
	title = {{Historical Network Research} Community},
	year = 2021,
	url = {https://historicalnetworkresearch.org/},
	urldate = {2024-10-10}
}
