@inbook{elo16,
	title = "Digitaalisen historiantutkimuksen kenttää louhimassa",
	keywords = "digital humanities, digital humanities, digital humanities",
	author = "Kimmo Elo",
	year = "2016",
	isbn = "978-952-7045-05-3",
	pages = "11–35",
	editor = "Kimmo Elo",
	booktitle = "Digitaalinen humanismi ja historiatieteet",
	publisher = "Turun historiallinen yhdistys ry"
	}

@online{blf,
	title = {BLF – Biografiskt lexikon för Finland},
	year = 2014,
	url = {https://www.blf.fi/},
	urldate = {2024-24-10}
}

@online{blf-creutz,
	title        = {BLF – CREUTZ, Lorentz d.ä.},
	author       = {Haggrén, Georg},
	year         = 2014,
	url          = {https://www.blf.fi/artikel.php?id=3765},
	urldate      = {2024-24-10}
}

@online{blf-fleming,
	title        = {BLF – FLEMING, Herman},
	author       = {Saloheimo, Veijo},
	year         = 2014,
	url          = {https://www.blf.fi/artikel.php?id=3871},
	urldate      = {2024-24-10}
}

@online{blf-list,
	title        = {BLF – Artiklar A-Ö},
	year         = 2014,
	url          = {https://www.blf.fi/artiklar.php},
	urldate      = {2024-24-10}
}

@online{blf-oxentiernag,
	title        = {BLF – OXENSTIERNA, Gabriel Bengtsson},
	author       = {Karonen, Petri},
	year         = 2014,
	url          = {https://www.blf.fi/artikel.php?id=3239},
	urldate      = {2024-24-10}
}

@online{hnr,
	title = {{Historical Network Research Community} About HNR},
	year = 2021,
	url = {https://historicalnetworkresearch.org/},
	urldate = {2024-23-10}
}

@online{hnrbib,
	title = {{Historical Network Research Community} HNR Bibliography},
	year = 2024,
	url = {https://historicalnetworkresearch.org/bibliography/},
	urldate = {2024-24-10}
}